
@book{fund,
    author={Kelleher, J. D. and Mac Namee, B. and D'Arcy, A.},
    title={Fundamentals of Machine Learning for Predictive Data Analytics: Algorithms, Worked Examples, and Case Studies},
    edition={2},
    publisher={The MIT Press},
    year={2020}
}

@inproceedings{sk,
  author    = {Lars Buitinck and Gilles Louppe and Mathieu Blondel and
                Fabian Pedregosa and Andreas Mueller and Olivier Grisel and
                Vlad Niculae and Peter Prettenhofer and Alexandre Gramfort
                and Jaques Grobler and Robert Layton and Jake VanderPlas and
                Arnaud Joly and Brian Holt and Ga{\"{e}}l Varoquaux},
  title     = {{API} design for machine learning software: experiences from the scikit-learn
                project},
  booktitle = {ECML PKDD Workshop: Languages for Data Mining and Machine Learning},
  year      = {2013},
  pages = {108--122},
}

@INPROCEEDINGS{snr,
  author={Ahn, Jun-Young and Wang, Hanho},
  booktitle={2023 International Conference on Electronics, Information, and Communication (ICEIC)}, 
  title={Machine Learning-based Signal-to-Noise Ratio Estimation using Amplitude Frequency Vector}, 
  year={2023},
  pages={1-3}
}

